@article{bowman:2008:SpMCMC,
  title={A {B}ayesian hierarchical framework for spatial modeling of f{MRI} data},
  author={Bowman, F. Dubois and Caffo, Brian and Basset, Susan Spear and Kilts, Clinton},
  journal={Neuro{I}mage},
  volume={39},
  pages={146--156},
  year={2008}
}

@article{ho:ombao:2005:statespace,
  title={A state-space approach to modelling brain dynamics},
  author={Ho, Moon-Ho Ringo and Ombao, Hernando and Shumway, Robert},
  journal={Statistica Sinica},
  volume={15},
  pages={407--425},
  year={2005}
}

@article{kang:wang:2011:vpr,
  title={Characterizing dynamic functional connectivity in the resting brain using variable parameter regression and {K}alman filtering
  approaches},
  author={Kang, Jin and Wang, Liang and Yan, Chaogan and Wang, Jinhui and Liang, Xia, and He, Yong},
  journal={Neuro{I}mage},
  volume={56},
  number={3},
  pages={1222--1234},
  year={2011}
}

@article{quiros:diez:2010:BayesSpTemp,
  title={Bayesian spatiotemporal model of f{MRI} data},
  author={Alicia, Quiros and Diez, Raquel Montes and Gamerman, Dani},
  journal={Neuro{I}mage},
  volume={49},
  number={1},
  pages={442--456},
  year={2010}
}

@article{zhang:guin:2014:npBayesWave,
  title={A spatio-temporal nonparametric {B}ayesian variable selection model of fMRI data for clustering correlated time courses},
  author={Zhang, Linlin and Guindani, Michele and Versace, Francesco and Vannucci, Marina},
  journal={Neuro{I}mage},
  volume={95},
  pages={162--175},
  year={2014}
}
